<record>
 <leader>00309nrm a22001457a 4500</leader>
 <controlfield tag="008">180101s        xxu          000    eng d</controlfield>
  <datafield tag="245" ind1="0" ind2="0">
  <subfield code="a">Library of things: Home and assistive.</subfield>
 </datafield>
  <datafield tag="500" ind1="" ind2="">
  <subfield code="a"/>
  </datafield>
  <datafield tag="500" ind1="" ind2="">
  <subfield code="a"/>
  </datafield>
  <datafield tag="505" ind1="0" ind2="">
  <subfield code="a"/>
  </datafield>
  <datafield tag="650" ind1="" ind2="0">
  <subfield code="a">Kitchen utensils.</subfield>
 </datafield>
 <datafield tag="650" ind1="" ind2="0">
 <subfield code="a">Garden tools.</subfield>
 </datafield>
 <datafield tag="650" ind1="" ind2="0">
 <subfield code="a">Home electronics.</subfield>
 </datafield>
 <datafield tag="650" ind1="" ind2="0">
 <subfield code="a">Home economics.</subfield>
 </datafield>
 <datafield tag="650" ind1="" ind2="0">
 <subfield code="a"/>
 </datafield>
 <datafield tag="830" ind1="" ind2="0">
 <subfield code="a">Library of things.</subfield>
 </datafield>
 </record>